@article{1,
  author    = {Iulian Vlad Serban and
               Chinnadhurai Sankar and
               Mathieu Germain and
               Saizheng Zhang and
               Zhouhan Lin and
               Sandeep Subramanian and
               Taesup Kim and
               Michael Pieper and
               Sarath Chandar and
               Nan Rosemary Ke and
               Sai Mudumba and
               Alexandre de Br{\'{e}}bisson and
               Jose Sotelo and
               Dendi Suhubdy and
               Vincent Michalski and
               Alexandre Nguyen and
               Joelle Pineau and
               Yoshua Bengio},
  title     = {A Deep Reinforcement Learning Chatbot},
  journal   = {CoRR},
  volume    = {abs/1709.02349},
  year      = {2017},
  url       = {http://arxiv.org/abs/1709.02349},
  archivePrefix = {arXiv},
  eprint    = {1709.02349},
  timestamp = {Mon, 13 Aug 2018 16:46:48 +0200},
  biburl    = {https://dblp.org/rec/bib/journals/corr/abs-1709-02349},
  bibsource = {dblp computer science bibliography, https://dblp.org}
}

